<?xml version="1.0" encoding="UTF-8"?><collection xmlns="http://www.loc.gov/MARC21/slim"><record><leader>00602nam--2200205-i-4500</leader><controlfield tag="001">000030589</controlfield><controlfield tag="002">20161230</controlfield><controlfield tag="005">20161230201038</controlfield><controlfield tag="008">060222s1000------------r-----000-0-fre-d</controlfield><datafield ind1=" " ind2=" " tag="040"><subfield code="a">IFIN-HH</subfield></datafield><datafield ind1=" " ind2=" " tag="041"><subfield code="a">fre</subfield></datafield><datafield ind1=" " ind2=" " tag="080"><subfield code="a">518.5</subfield></datafield><datafield ind1="1" ind2=" " tag="100"><subfield code="a">Miller, D.W</subfield></datafield><datafield ind1="1" ind2="0" tag="245"><subfield code="a">Fonction de direction et recherche operationnelle</subfield><subfield code="b">Traduit sous la direction de m. verhulst par m. barbier</subfield><subfield code="c">D.w. miller, m.k. starr</subfield></datafield><datafield ind1=" " ind2=" " tag="260"><subfield code="a">Paris</subfield><subfield code="b">Dunod</subfield><subfield code="c">1964</subfield></datafield><datafield ind1=" " ind2=" " tag="300"><subfield code="a">X+412P</subfield></datafield><datafield ind1=" " ind2=" " tag="490"><subfield code="a">Collection Internationale D'Organisation</subfield></datafield><datafield ind1="1" ind2=" " tag="700"><subfield code="a">Starr, M.K</subfield></datafield><datafield ind1=" " ind2=" " tag="852"><subfield code="a">15236</subfield><subfield code="c">519.283</subfield></datafield><datafield ind1=" " ind2=" " tag="CAT"><subfield code="a">Sys</subfield><subfield code="c">20130806</subfield><subfield code="h">123917</subfield></datafield></record></collection>